<record xmlns="http://www.loc.gov/MARC21/slim" xmlns:xsi="http://www.w3.org/2001/XMLSchema-instance" xsi:schemaLocation="http://www.loc.gov/MARC21/slim http://www.loc.gov/standards/marcxml/schema/MARC21slim.xsd"><leader>02197nam a2200337   4500</leader><controlfield tag="001">002108941</controlfield><controlfield tag="003">NNU</controlfield><controlfield tag="006">m        d        </controlfield><controlfield tag="007">cr cn |||m|||a</controlfield><controlfield tag="008">140707q19801989ir      o     000 0 ara d</controlfield><datafield ind1=" " ind2=" " tag="040"><subfield code="a">NNU</subfield><subfield code="b">eng</subfield><subfield code="c">NNU</subfield></datafield><datafield ind1=" " ind2=" " tag="066"><subfield code="c">(3</subfield></datafield><datafield ind1=" " ind2=" " tag="090"><subfield code="a">PJ6121</subfield><subfield code="b">.S35 1980z</subfield></datafield><datafield ind1="1" ind2=" " tag="100"><subfield code="6">880-01</subfield><subfield code="a">Suj&#257;&#699;&#299;, A&#7717;mad ibn A&#7717;mad,</subfield><subfield code="d">d. 1783?</subfield></datafield><datafield ind1="1" ind2="0" tag="245"><subfield code="6">880-02</subfield><subfield code="a">&#7716;&#257;shiyah &#699;ala &#769;shar&#7717; Jam&#257;l al-D&#299;n Ab&#299; Mu&#7717;ammad &#699;Abd All&#257;h ibn Y&#363;suf ibn Hish&#257;m al-An&#7779;&#257;r&#299;</subfield><subfield code="h">[electronic resource] /</subfield><subfield code="c">A&#7717;mad ibn A&#7717;mad al-Sajj&#699;&#772;a&#299; ; li-muqaddimatihi, Qa&#7789;r al-nada &#769;wa-ball al-&#7779;ada &#769;; wa-bi-al-h&#257;mish, al-shar&#7717; al-madhk&#363;r ma&#699;a ba&#699;&#7693; taqrir&#257;t &#699;ala &#769;al-&#7716;&#257;shiyah li-Shams al-D&#299;n Mu&#7717;ammad al-Anb&#257;b&#299;.</subfield></datafield><datafield ind1=" " ind2=" " tag="250"><subfield code="6">880-03</subfield><subfield code="a">al-&#7788;ab&#699;ah al-akhirah.</subfield></datafield><datafield ind1=" " ind2=" " tag="260"><subfield code="6">880-04</subfield><subfield code="a">Qum, Iran ;</subfield><subfield code="b">al-R&#257;&#7693;&#299;,</subfield><subfield code="c">[198-]</subfield></datafield><datafield ind1=" " ind2=" " tag="300"><subfield code="a">online resource (132 p.)</subfield></datafield><datafield ind1=" " ind2=" " tag="500"><subfield code="a">Part of the Arabic Collections Online (ACO) project, contributed by New York Univeristy Libraries.</subfield></datafield><datafield ind1=" " ind2=" " tag="533"><subfield code="a">Electronic reproduction.</subfield><subfield code="b">New York, N.Y. :</subfield><subfield code="c">New York University,</subfield><subfield code="d">2014.</subfield><subfield code="5">NNU</subfield></datafield><datafield ind1=" " ind2=" " tag="534"><subfield code="p">Reprint. Originally published :</subfield><subfield code="c">al-Q&#257;hirah: Ma&#7789;ba&#699;at Mu&#7779;&#7789;af&#225; al-B&#257;b&#299;, 1939.</subfield></datafield><datafield ind1=" " ind2="0" tag="650"><subfield code="a">Arabic language</subfield><subfield code="x">Phonology.</subfield></datafield><datafield ind1="2" ind2=" " tag="710"><subfield code="a">New York University.</subfield><subfield code="b">Libraries.</subfield></datafield><datafield ind1="0" ind2=" " tag="730"><subfield code="a">Arabic Collections Online.</subfield></datafield><datafield ind1="0" ind2="8" tag="776"><subfield code="i">Print version:</subfield><subfield code="a">Suj&#257;&#699;&#299;, A&#7717;mad ibn A&#7717;mad, d. 1783? 880-01</subfield><subfield code="t">&#7716;&#257;shiyah &#699;ala &#769;shar&#7717; Jam&#257;l al-D&#299;n Ab&#299; Mu&#7717;ammad &#699;Abd All&#257;h ibn Y&#363;suf ibn Hish&#257;m al-An&#7779;&#257;r&#299;</subfield><subfield code="w">(NNU)002108941</subfield></datafield><datafield ind1="4" ind2="0" tag="856"><subfield code="u">http://hdl.handle.net/2333.1/6t1g1mnc</subfield></datafield><datafield ind1="0" ind2=" " tag="880"><subfield code="6">100-01/</subfield><subfield code="a">&#1571;&#1581;&#1605;&#1583; &#1576;&#1606; &#1571;&#1581;&#1605;&#1583; &#1575;&#1604;&#1587;&#1580;&#1575;&#1593;&#1610;.</subfield></datafield><datafield ind1="1" ind2="0" tag="880"><subfield code="6">245-02/</subfield><subfield code="a">&#1581;&#1575;&#1588;&#1610;&#1577; &#1593;&#1604;&#1609; &#1588;&#1585;&#1581; &#1580;&#1605;&#1575;&#1604; &#1575;&#1604;&#1583;&#1610;&#1606; &#1571;&#1576;&#1609; &#1605;&#1581;&#1605;&#1583; &#1593;&#1576;&#1583; &#1575;&#1604;&#1604;&#1607; &#1576;&#1606; &#1610;&#1608;&#1587;&#1601; &#1576;&#1606; &#1607;&#1588;&#1575;&#1605; &#1575;&#1604;&#1571;&#1606;&#1589;&#1575;&#1585;&#1610; /</subfield><subfield code="c">&#1571;&#1581;&#1605;&#1583; &#1576;&#1606; &#1571;&#1581;&#1605;&#1583; &#1575;&#1604;&#1587;&#1580;&#1575;&#1593;&#1610; &#1563; &#1604;&#1605;&#1602;&#1583;&#1605;&#1578;&#1607;&#1548; &#1602;&#1591;&#1585; &#1575;&#1604;&#1606;&#1583;&#1609; &#1608;&#1576;&#1604; &#1575;&#1604;&#1589;&#1583;&#1609; &#1563; &#1608;&#1576;&#1575;&#1604;&#1607;&#1575;&#1605;&#1588;&#1548; &#1575;&#1604;&#1588;&#1585;&#1581; &#1575;&#1604;&#1605;&#1584;&#1603;&#1608;&#1585; &#1605;&#1593; &#1576;&#1593;&#1590; &#1578;&#1602;&#1585;&#1610;&#1585;&#1575;&#1578; &#1593;&#1604;&#1609; &#1575;&#1604;&#1581;&#1575;&#1588;&#1610;&#1577; &#1604;&#1588;&#1605;&#1587; &#1575;&#1604;&#1583;&#1610;&#1606; &#1605;&#1581;&#1605;&#1583; &#1575;&#1604;&#1575;&#1606;&#1576;&#1575;&#1576;&#1610;.</subfield></datafield><datafield ind1=" " ind2=" " tag="880"><subfield code="6">250-03/</subfield><subfield code="a">&#1575;&#1604;&#1591;&#1576;&#1593;&#1577; &#1575;&#1604;&#1571;&#1582;&#1610;&#1585;&#1577;.</subfield></datafield><datafield ind1=" " ind2=" " tag="880"><subfield code="6">260-04/</subfield><subfield code="a">&#1602;&#1605;&#1548; &#1575;&#1610;&#1585;&#1575;&#1606; &#1563;</subfield><subfield code="b">&#1575;&#1604;&#1585;&#1575;&#1590;&#1609;&#1548;</subfield><subfield code="c">[198-]</subfield></datafield><datafield ind1=" " ind2=" " tag="959"><subfield code="a">NNU</subfield><subfield code="b">WEB</subfield><subfield code="c">GENI</subfield><subfield code="t">0</subfield><subfield code="m">Electronic access</subfield><subfield code="s">01</subfield></datafield></record>